<record><leader>00000cas a22000007a 4500</leader><controlfield tag="001">21616605</controlfield><controlfield tag="008">900529d18591860mnuwr ne      0    0eng d</controlfield><datafield ind1=" " ind2=" " tag="010"><subfield code="a">sn 90059501 </subfield></datafield><datafield ind1=" " ind2=" " tag="040"><subfield code="a">MN#</subfield><subfield code="b">eng</subfield><subfield code="c">MN#</subfield><subfield code="d">OCL</subfield><subfield code="d">OCLCQ</subfield><subfield code="d">OCLCF</subfield><subfield code="d">OCLCO</subfield><subfield code="d">IUL</subfield><subfield code="d">OCL</subfield></datafield><datafield ind1=" " ind2=" " tag="042"><subfield code="a">msc</subfield></datafield><datafield ind1=" " ind2=" " tag="043"><subfield code="a">n-us-mn</subfield></datafield><datafield ind1=" " ind2=" " tag="052"><subfield code="a">4144</subfield><subfield code="b">S4</subfield></datafield><datafield ind1="0" ind2="0" tag="245"><subfield code="a">Weekly Minnesotian and times.</subfield></datafield><datafield ind1="1" ind2="3" tag="246"><subfield code="a">Minnesotian &amp; times</subfield></datafield><datafield ind1="1" ind2="3" tag="246"><subfield code="a">Minnesotian and times</subfield></datafield><datafield ind1=" " ind2=" " tag="260"><subfield code="a">St. Paul, Minn. :</subfield><subfield code="b">Newson, Moore, Foster &amp; Co.,</subfield><subfield code="c">1859-</subfield></datafield><datafield ind1=" " ind2=" " tag="300"><subfield code="a">v.</subfield></datafield><datafield ind1=" " ind2=" " tag="310"><subfield code="a">Weekly</subfield></datafield><datafield ind1="0" ind2=" " tag="362"><subfield code="a">New ser., v. 1, no. 1 (Dec. 17, 1859)-</subfield></datafield><datafield ind1="1" ind2=" " tag="362"><subfield code="a">Ceased in June 1860.</subfield></datafield><datafield ind1=" " ind2=" " tag="515"><subfield code="a">Called also: Old ser., v. 9, no. 13-</subfield></datafield><datafield ind1=" " ind2=" " tag="530"><subfield code="a">Available on microfilm from the Minnesota Historical Society.</subfield></datafield><datafield ind1=" " ind2="0" tag="651"><subfield code="a">Saint Paul (Minn.)</subfield><subfield code="v">Newspapers.</subfield></datafield><datafield ind1=" " ind2="0" tag="651"><subfield code="a">Ramsey County (Minn.)</subfield><subfield code="v">Newspapers.</subfield></datafield><datafield ind1=" " ind2="7" tag="651"><subfield code="a">Minnesota</subfield><subfield code="z">Ramsey County.</subfield><subfield code="2">fast</subfield><subfield code="0">(OCoLC)fst01213443</subfield></datafield><datafield ind1=" " ind2="7" tag="651"><subfield code="a">Minnesota</subfield><subfield code="z">Saint Paul.</subfield><subfield code="2">fast</subfield><subfield code="0">(OCoLC)fst01212130</subfield></datafield><datafield ind1=" " ind2="7" tag="655"><subfield code="a">Newspapers.</subfield><subfield code="2">fast</subfield><subfield code="0">(OCoLC)fst01423814</subfield></datafield><datafield ind1=" " ind2=" " tag="752"><subfield code="a">United States</subfield><subfield code="b">Minnesota</subfield><subfield code="c">Ramsey</subfield><subfield code="d">Saint Paul.</subfield></datafield><datafield ind1="0" ind2=" " tag="775"><subfield code="t">Minnesotian and times</subfield><subfield code="w">(DLC)sn 90059505</subfield><subfield code="w">(OCoLC)21616578</subfield></datafield><datafield ind1="0" ind2=" " tag="775"><subfield code="t">Daily Minnesotian and times</subfield><subfield code="w">(DLC)sn 85025595</subfield><subfield code="w">(OCoLC)11804873</subfield></datafield><datafield ind1="0" ind2="4" tag="780"><subfield code="t">Saint Paul weekly Minnesotian (Saint Paul, Minn. : 1858)</subfield><subfield code="w">(DLC)sn 90059500</subfield><subfield code="w">(OCoLC)21616599</subfield></datafield><datafield ind1="0" ind2="4" tag="780"><subfield code="t">Minnesota weekly times (Saint Paul, Minn. : 1854)</subfield><subfield code="w">(DLC)sn 85025594</subfield><subfield code="w">(OCoLC)1758304</subfield></datafield><datafield ind1="0" ind2="6" tag="785"><subfield code="t">Minnesota weekly times (Saint Paul, Minn. : 1860)</subfield><subfield code="w">(DLC)sn 90059502</subfield><subfield code="w">(OCoLC)21616612</subfield></datafield><datafield ind1="0" ind2="6" tag="785"><subfield code="t">St. Paul weekly Minnesotian (Saint Paul, Minn. : 1860)</subfield><subfield code="w">(DLC)sn 90059503</subfield><subfield code="w">(OCoLC)21616610</subfield></datafield><datafield ind1="1" ind2=" " tag="029"><subfield code="a">AU@</subfield><subfield code="b">000020225327</subfield></datafield></record>